

% SECCION_LIBRO - Una sección de un libro que tiene su propio título.
%  obl:   author, title, booktitle, publisher, year.
%  ops:   editor, volume/number, series, type, chapter, pages, address, edition, month, note.
%1
@incollection{sec:pediatria,
	author			= {John Lenin Arango},
	title			= {Enfermedades respiratorias del recién nacido},
	booktitle		= {Fundamentos de pediatría: generalidades y neonatología},
	publisher		= {J. A. Correa, J. F. Gómez, y R. Posada, Eds. Fondo Editorial CIB},
	editor			= {},
	volume			= {},
	
	series			= {},
	type			= {},
	chapter			= {},
	pages			= {463–467},
	address			= {},
	edition			= {},
	year			= {2000},
	month			= {},
	note			= {},
    language        = {},
}
%	number			= {n* (en ves de volumen)},


% OPCIONAL - Plantilla útil para otros tipos de publicación.
%  obl:   none
%  ops:   author, title, howpublished, month, year, note.
%2
@misc{opc:ramirez,
    author			= {{Ramírez H.}, A. and P. Guzmán},
    title			= {Sistemas participativos de garantía SPG en Bogotá: la apuesta del proceso organizativo Familia de la Tierra},
    howpublished	= {},
    year			= {},
    month			= {},
    note			= {[En línea]. Disponible en: \url{https://bit.ly/3mfvktD}},
    language        = {},
}


% ARTICULO - Un artículo de una revista o un diario.
%  obl:   author, title, journal, year.
%  ops:   volume, number, pages, month, note.
%3
@article{art:baker,
    author			= {David W. {Baker et al.}},
    title			= {Functional Health Literacy and the Risk of Hospital Admission Among Medicare Managed Care Enrollees},
    journal			= {Am. J. Public Health},
    volume			= {92},
    number			= {8},
    pages			= {1278–1283},
    year			= {2002},
    month			= {},
    note			= {doi: \url{ https://doi.org/c7fvj5}},
    language        = {},
}

% OPCIONAL - Plantilla útil para otros tipos de publicación.
%  obl:   none
%  ops:   author, title, howpublished, month, year, note.
%4
@misc{opc:bbva,
    author			= {{Fundación del Español Urgente [Fundéu]}},
    title			= {Fundéu BBVA: cómo diferenciar «si no» y «sino»},
    howpublished	= {},
    year			= {2012},
    month			= {},
    note			= {\url{. https://bit.ly/3oBTGP9}},
    language        = {},
}

% OPCIONAL - Plantilla útil para otros tipos de publicación.
%  obl:   none
%  ops:   author, title, howpublished, month, year, note.
%5
@misc{opc:film,
    author			= {Tom Hooper},
    title			= {El Discurso del Rey [The King´s Speech].},
    howpublished	= {UK Film Council; See Saw Films; Bedlam Productions},
    year			= {2010},
    month			= {},
    note			= {},
    language        = {},
}

% LIBRO - Un libro publicado
%  obl:   author/editor, title, publisher, year.
%  ops:   volume/number, series, address, edition, month, note.
%6
@book{lib:ieee,
    author			= {{Institute of Electrical and Electronics Engineers [IEEE]}},
    
    title			= {IEEE Std P802.15.4/D6: Approved Draft Revision for IEEE Standard for Information technology-Telecommunications and information exchange between systems-Local and metropolitan area networks-Specific requirements-Part 15.4b: Wireless Medium Access Control},
    publisher		= {\mbox{New York:} IEEE},
    volume			= {},
    series			= {},
    address			= {},
    edition			= {},
    year			= {2006},
    month			= {},
    note			= {},
    language        = {},
}

% ARTICULO - Un artículo de una revista o un diario.
%  obl:   author, title, journal, year.
%  ops:   volume, number, pages, month, note.
%7
@article{art:espectador,
    author			= {{El Espectador}},
    title			= {Tutelas por un acetaminofén: Tratamientos, medicamentos y cirugías, las mayores causas de reclamo. El 67,81\% de los casos correspondían a servicios incluidos en el plan de beneficios},
    journal			= {El Espectador},
    volume			= {},
    number			= {},
    pages			= {},
    year			= {2012},
    month			= {},
    note			= {[En línea]. Disponible en: \url{https://bit.ly/3mr4I8Q}},
    language        = {},
}

% TESIS - tesis de maestria.
%  obl:   author, title, school, year.
%  ops:   type (eg. "diploma thesis"), address, month, note.
%8
@mastersthesis{tes:tesis,
    author			= {Gustavo Alberto {Ruiz Rojas}},
    title			= {\textit{Hacia la comprensión de la retórica como contenido formativo para la configuración de un sujeto deliberativo}},
    school			= {Medellín (Colombia), Universidad de San Buenaventura},
    type			= {[tesis de maestría]},
    address			= {},
    year			= {2014},
    month			= {},
    note			= {},
    language        = {},
}

% CONFERENCIA - Conferencia.
%  obl:   author, title, booktitle, year.
%  ops:   editor, volume/number, series, pages, address, month, organization, publisher, note.
%9
@conference{con:conferencia,
    author			= {Graciela Rioja},
    title			= {¿Judicialización de la salud? el caso de las personas sordas [conferencia]},
    booktitle		= {Mar del Plata: XIII Congreso de la Caja de Abogados de la Provincia de Buenos Aires},
    editor			= {},
    volume			= {},
    
    series			= {},
    pages			= {},
    address			= {Buenos Aires, Argentina},
    year			= {2008},
    month			= {},
    publisher		= {},
    note			= {},
    language        = {},
}
%	number			= {n* (en ves de volumen)},

% ARTICULO - Un artículo de una revista o un diario.
%  obl:   author, title, journal, year.
%  ops:   volume, number, pages, month, note.
%10
@article{art:acimed,
    author			= {Yanelis {González Pérez} and Yorbelis {Rosell León} and Yelina {Piedra Salomón} and Osvaldo {Leal Labrada} and Franklin {Marín Milanés}},
    title			= {Los valores del profesional de la información ante el reto de la introducción de las nuevas tecnologías de la información y la comunicación},
    journal			= {ACIMED},
    volume			= {14},
    number			= {5},
    pages			= {},
    year			= {2006},
    month			= {},
    note			= {[En línea]. Disponible en: \url{https://bit.ly/2VgAbP7}},
    language        = {},
}

% OPCIONAL - Plantilla útil para otros tipos de publicación.
%  obl:   none
%  ops:   author, title, howpublished, month, year, note.
%11
@misc{opc:ibm,
    author			= {{International Business Machine [IBM]}},
    title			= {},
    howpublished	= {“SPSS (Versión 27.0) [Software]”},
    year			= {2020},
    month			= {},
    note			= {},
    language        = {},
}



% LIBRO - Un libro publicado
%  obl:   author/editor, title, publisher, year.
%  ops:   volume/number, series, address, edition, month, note.
%
@book{lib:libro,
    author			= {Nelson Rufino},
    
    title			= {Titulo de libro},
    publisher		= {Editor},
    volume			= {},
    series			= {},
    address			= {},
    edition			= {},
    year			= {20XX},
    month			= {},
    note			= {},
    language        = {},
}
%   editor		    = {Editor (en ves de autor)},
%	number			= {n* (en ves de volumen)},





% FOLLETO - Un trabajo encuadernado sin un editor o patrocinador nombrado.
%  obl:   title.
%  ops:   author, howpublished, address, month, year, note.
%
@booklet{fll:folleto,
    author			= {Carlos Villagran},
    title			= {Titulo de folleto},
    howpublished	= {Como de publico*},
    address			= {Dirección*},
    year			= {20XX*},
    month			= {mes-nom*},
    note			= {Notas y observaciones*},
    language        = {spanish},
}





% ENTRE_LIBRE - Una sección de un libro sin título propio.
%  obl:   author/editor, title, chapter and/or pages, publisher, year.
%  ops:   volume/number, series, type, address, edition, month, note.
%
@inbook{ent:entre_libro,
	author			= {Angela Zapata},
	
	title			= {Titulo de libro},
	chapter			= {},
	pages			= {10-20},
	publisher		= {Editor},
	volume			= {},
	
	series			= {},
	type			= {},
	address			= {},
	edition			= {},
	year			= {20XX},
	month			= {},
	note			= {},
    language        = {},
}
%   editor		    = {Editor (en ves de autor)},
%	number			= {n* (en ves de volumen)},






% ARTICULO_EN_ACTA - Un artículo en las actas de una conferencia.
%  obl:   author, title, booktitle, year.
%  ops:   editor, volume/number, series, pages, address, month, organization, publisher, note.
%
@inproceedings{ina:articulo_en_acta,
	author			= {Fernando Marroquin},
	title			= {Titulo del articulo en acta de conferencia},
	booktitle		= {Titulo del libro},
	volume			= {v*},
	
	series			= {s*},
	pages			= {xx--yy*},
	address			= {Dirección*},
	organization	= {Patrocinador},
	publisher		= {Editor*},
	year			= {20XX},
	month			= {mes-nom*},
	note			= {Notas y observaciones*},
    language        = {spanish},
}
%	number			= {n* (en ves de volumen)},



% MANUAL - manual técnicoTechnical manual
%  obl:   title.
%  ops:   author, organization, address, edition, month, year, note.
%
@manual{man:manual,
	title			= {Titulo del manual},
	author			= {Sancho Panza},
	organization	= {Patrocinador*},
	address			= {Dirección*},
	edition			= {e*},
	year			= {20XX},
	month			= {mes-nom*},
	note			= {Notas y observaciones*},
    language        = {spanish},
}



% WEB - Ejemplo
%
@misc{web:web,
    author			= {Wikipedia\textsuperscript{\textregistered}},
    title			= {BibTeX},
    howpublished	= {\path{https://es.wikipedia.org/wiki/BibTeX}},
    year			= {2018},
    month			= {mes-nomagosto},
    note			= {Accedido en junio de 2019 (ejemplo)},
    language        = {spanish},
}



% PHD_TESIS - tesisi de doctorado.
%  obl:   author, title, year, school.
%  ops:   address, month, keywords, note.
%
@phdthesis{phd:phd_tesis,
	author			= {Hedgar Vivar},
	title			= {Titulo de tesis de PHD},
	school			= {Nombre de universidad},
	address			= {Dirección*},
	year			= {20XX},
	month			= {mes-nom*},
	keywords		= {Palabras clave*},
	note			= {Notas y observaciones*},
    language        = {spanish},
}



% ACTA - Las actas de una conferencia.
%  obl:   title, year.
%  ops:   editor, volume/number, series, address, month, organization, publisher, note.
%
@proceedings{act:acta,
	title			= {Maria Nieves},
	editor			= {La Chilindrina},
	volume			= {v*},
	
	series			= {s*},
	address			= {Dirección*},
	organization	= {*},
	publisher		= {Editor*},
	year			= {20XX},
	month			= {mes-nom*},
	note			= {Notas y observaciones*},
    language        = {spanish},
}
%	number			= {n* (en ves de volumen)},



% INFORME_TECNICO - Informe técnico de la institución educativa, comercial o de normalización.
%  obl:   author, title, institution, year.
%  ops:   type, number, address, month, note.
%
@techreport{inf:informe_tecnico,
    author			= {Ruben Aguirre},
    title			= {Titulo de informe},
    institution		= {Institución},
    type			= {tipo*}, 
    number			= {n*},
    address			= {Dirección*},
    year			= {20XX},
    month			= {mes-nom*},
    note			= {Notas y observaciones*},
    language        = {spanish},
}



% Inedito - Un artículo inédito, libro, tesis, etc.
%  obl:   author, title, note.
%  ops:   month, year.
%
@unpublished{Xunpublished,
	author			= {Angelines Fernandez},
	title			= {Titulo de articulo inédito},
	year			= {20XX*},
	month			= {mes-nom*},
	note			= {Notas y observaciones},
    language        = {spanish},
}